<?xml version="1.0" encoding="UTF-8"?>
<record>
  <leader>01574nam#a2200385#c#4500</leader>
  <controlfield tag="005">20230209154052.0</controlfield>
  <controlfield tag="007">co#|||||||||||</controlfield>
  <controlfield tag="007">tu</controlfield>
  <controlfield tag="008">110411|1994####xx######q#####|||#|#fre#c</controlfield>
  <controlfield tag="003">DE-605</controlfield>
  <controlfield tag="001">990185619180206441</controlfield>
  <datafield tag="016" ind1="7" ind2=" ">
    <subfield code="a">1075349291</subfield>
    <subfield code="2">OCoLC</subfield>
  </datafield>
  <datafield tag="035" ind1=" " ind2=" ">
    <subfield code="a">(DE-605)TT003060418</subfield>
  </datafield>
  <datafield tag="040" ind1=" " ind2=" ">
    <subfield code="a">5/Inst</subfield>
    <subfield code="b">ger</subfield>
    <subfield code="c">5/Inst</subfield>
    <subfield code="e">rakwb</subfield>
  </datafield>
  <datafield tag="041" ind1=" " ind2=" ">
    <subfield code="a">fre</subfield>
  </datafield>
  <datafield tag="130" ind1="0" ind2=" ">
    <subfield code="a">Faust</subfield>
  </datafield>
  <datafield tag="245" ind1="1" ind2="0">
    <subfield code="a">Faust</subfield>
    <subfield code="h">Tonträger</subfield>
    <subfield code="b">Oper in fünf Akten</subfield>
    <subfield code="c">Charles Gounod. Jules Barbier [Libretto] ; Michel Carre [Libretto]. Andre Cluytens [Dir.]. Victoria de Los Angeles [Sopr] ; Niccolai Gedda [Ten] ; Ernest Blanc [Bariton] ; Boris Christoff [Baß]. Orchestre et Choeurs du Theatre National de l Opera</subfield>
  </datafield>
  <datafield tag="264" ind1=" " ind2="1">
    <subfield code="a">s.l.</subfield>
    <subfield code="b">EMI Records</subfield>
    <subfield code="c">c 1994</subfield>
  </datafield>
  <datafield tag="264" ind1=" " ind2="3">
    <subfield code="a">EMI Records Ltd, p 1969</subfield>
    <subfield code="c">c 1994</subfield>
  </datafield>
  <datafield tag="300" ind1=" " ind2=" ">
    <subfield code="a">3 CDs : stereo ; ADD</subfield>
  </datafield>
  <datafield tag="035" ind1=" " ind2=" ">
    <subfield code="a">(OCoLC)1075349291</subfield>
  </datafield>
  <datafield tag="961" ind1=" " ind2=" ">
    <subfield code="a">0777 7 69983 2 9</subfield>
  </datafield>
  <datafield tag="964" ind1="0" ind2="s">
    <subfield code="F">030</subfield>
    <subfield code="A">a|1uc||||||34</subfield>
  </datafield>
  <datafield tag="964" ind1="0" ind2="s">
    <subfield code="F">050</subfield>
    <subfield code="A">a|||||||d|||||</subfield>
  </datafield>
  <datafield tag="964" ind1="0" ind2="s">
    <subfield code="F">051</subfield>
    <subfield code="A">m|||||||</subfield>
  </datafield>
  <datafield tag="700" ind1="1" ind2=" ">
    <subfield code="a">Gounod, Charles</subfield>
    <subfield code="d">1818-1893</subfield>
    <subfield code="0">(DE-588)118718312</subfield>
    <subfield code="4">cmp</subfield>
  </datafield>
  <datafield tag="700" ind1="1" ind2=" ">
    <subfield code="a">Barbier, Jules</subfield>
    <subfield code="d">1825-1901</subfield>
    <subfield code="0">(DE-588)119309998</subfield>
    <subfield code="4">oth</subfield>
    <subfield code="e">Libretto</subfield>
  </datafield>
  <datafield tag="700" ind1="1" ind2=" ">
    <subfield code="a">Carré, Michel</subfield>
    <subfield code="d">1819-1872</subfield>
    <subfield code="0">(DE-588)119374536</subfield>
    <subfield code="4">oth</subfield>
    <subfield code="e">Libretto</subfield>
  </datafield>
  <datafield tag="700" ind1="1" ind2=" ">
    <subfield code="a">Cluytens, André</subfield>
    <subfield code="4">cnd</subfield>
  </datafield>
  <datafield tag="700" ind1="1" ind2=" ">
    <subfield code="a">Angeles, Victoria De Los</subfield>
    <subfield code="4">sng</subfield>
    <subfield code="e">Sopran</subfield>
  </datafield>
  <datafield tag="700" ind1="1" ind2=" ">
    <subfield code="a">Gedda, Nicolai</subfield>
    <subfield code="d">1925-2017</subfield>
    <subfield code="0">(DE-588)120540215</subfield>
    <subfield code="4">sng</subfield>
    <subfield code="e">Tenor</subfield>
  </datafield>
  <datafield tag="700" ind1="1" ind2=" ">
    <subfield code="a">Blanc, Ernest</subfield>
    <subfield code="4">sng</subfield>
    <subfield code="e">Bariton</subfield>
  </datafield>
  <datafield tag="700" ind1="1" ind2=" ">
    <subfield code="a">Christoff, Boris</subfield>
    <subfield code="4">oth</subfield>
    <subfield code="e">Baß</subfield>
  </datafield>
  <datafield tag="710" ind1="2" ind2=" ">
    <subfield code="a">Orchestre et Choeurs du Theatre National de L Opera</subfield>
    <subfield code="0">(DE-588)16294456-1</subfield>
    <subfield code="4">oth</subfield>
  </datafield>
  <datafield tag="500" ind1=" " ind2=" ">
    <subfield code="a">AD: 9+10/1958</subfield>
    <subfield code="9">F:501</subfield>
  </datafield>
  <datafield tag="MBD" ind1=" " ind2=" ">
    <subfield code="M">49HBZ_NETWORK</subfield>
    <subfield code="i">990185619180206441</subfield>
    <subfield code="n">HBZ Network</subfield>
  </datafield>
  <datafield tag="MNG" ind1=" " ind2=" ">
    <subfield code="c">System</subfield>
    <subfield code="f">ILS</subfield>
    <subfield code="i">marc21</subfield>
    <subfield code="k">01</subfield>
    <subfield code="e">false</subfield>
    <subfield code="d">2023-02-13 05:21:45 Europe/Berlin</subfield>
    <subfield code="g">018561918-HBZ01</subfield>
    <subfield code="j">60</subfield>
    <subfield code="a">import</subfield>
    <subfield code="b">2021-04-06 04:35:09 Europe/Berlin</subfield>
  </datafield>
</record>
